@book{spj_impl,
  author    = {Peyton Jones, Simon L.},
  title     = {The Implementation of Functional Programming Languages (Prentice-Hall International Series in Computer Science)},
  year      = {1987},
  isbn      = {013453333X},
  publisher = {Prentice-Hall, Inc.},
  address   = {USA}
}

@book{gnump,
  author    = {Granlund, Torbjrn and Gmp Development Team},
  title     = {GNU MP 6.0 Multiple Precision Arithmetic Library},
  year      = {2015},
  isbn      = {9789888381968},
  publisher = {Samurai Media Limited},
  address   = {London, GBR},
  abstract  = {GNU MP is a portable library written in C for arbitrary precision arithmetic on integers, rational numbers, and floating-point numbers. It aims to provide the fastest possible arithmetic for all applications that need higher precision than is directly supported by the basic C types.}
}